<?xml version="1.0" encoding="UTF-8"?><record xmlns="http://www.loc.gov/MARC21/slim" xmlns:cinclude="http://apache.org/cocoon/include/1.0" xmlns:zs="http://www.loc.gov/zing/srw/">
  <leader>01242cz  a2200217n  4500</leader>
  <controlfield tag="001">no2009025476</controlfield>
  <controlfield tag="003">DLC</controlfield>
  <controlfield tag="005">20160930075449.0</controlfield>
  <controlfield tag="008">090219n| azannaabn          |n aaa     c</controlfield>
  <datafield tag="010" ind1=" " ind2=" ">
    <subfield code="a">no2009025476</subfield>
  </datafield>
  <datafield tag="035" ind1=" " ind2=" ">
    <subfield code="a">(OCoLC)oca08019789</subfield>
  </datafield>
  <datafield tag="040" ind1=" " ind2=" ">
    <subfield code="a">InU</subfield>
    <subfield code="b">eng</subfield>
    <subfield code="e">rda</subfield>
    <subfield code="c">InU</subfield>
    <subfield code="d">OU</subfield>
  </datafield>
  <datafield tag="046" ind1=" " ind2=" ">
    <subfield code="f">1964</subfield>
  </datafield>
  <datafield tag="100" ind1="1" ind2=" ">
    <subfield code="a">Feo, Roberto</subfield>
  </datafield>
  <datafield tag="372" ind1=" " ind2=" ">
    <subfield code="a">Installations (Art)</subfield>
    <subfield code="a">Furniture design</subfield>
    <subfield code="2">lcsh</subfield>
  </datafield>
  <datafield tag="373" ind1=" " ind2=" ">
    <subfield code="a">El Ultimo Grito (London, England)</subfield>
    <subfield code="a">Royal College of Art (Great Britain)</subfield>
    <subfield code="a">Museum of Modern Art (New York, N.Y.)</subfield>
    <subfield code="a">Amsterdam (Netherlands). Stedelijk Museum</subfield>
    <subfield code="a">Victoria and Albert Museum</subfield>
    <subfield code="2">naf</subfield>
  </datafield>
  <datafield tag="374" ind1=" " ind2=" ">
    <subfield code="a">Artists</subfield>
    <subfield code="a">College teachers</subfield>
    <subfield code="2">lcsh</subfield>
  </datafield>
  <datafield tag="375" ind1=" " ind2=" ">
    <subfield code="a">Males</subfield>
    <subfield code="2">lcsh</subfield>
  </datafield>
  <datafield tag="377" ind1=" " ind2=" ">
    <subfield code="a">eng</subfield>
  </datafield>
  <datafield tag="670" ind1=" " ind2=" ">
    <subfield code="a">Nowhere, now, here, 2008:</subfield>
    <subfield code="b">colophon (Roberto Feo)</subfield>
  </datafield>
  <datafield tag="670" ind1=" " ind2=" ">
    <subfield code="a">El Ultimo Grito, 2015, 2015:</subfield>
    <subfield code="b">page 39 (Roberto Feo, b. 1964 in London, MA in furniture design at the Royal College of Art, and has been principal lecturer in the Design Products Department since 1999; he is the co-founder of El Ultimo Grito, the London-based design studio founded in 1997; their work is in the permanent collections of the Museum of Modern Art, New York, the Stedelijk Museum, Amsterdam, and the Victoria and Albert Museum, London; the studio was awarded the London Design Medal)</subfield>
  </datafield>
</record>